<record><leader>00000cas a2200000 a 4500</leader><controlfield tag="001">38599326</controlfield><controlfield tag="008">980313d19461949caudn ne      0    0eng c</controlfield><datafield ind1=" " ind2=" " tag="010"><subfield code="a">sn 98061796 </subfield></datafield><datafield ind1=" " ind2=" " tag="040"><subfield code="a">CNK</subfield><subfield code="b">eng</subfield><subfield code="c">CNK</subfield><subfield code="d">OCLCQ</subfield><subfield code="d">CNK</subfield><subfield code="d">OCLCQ</subfield><subfield code="d">OCLCF</subfield><subfield code="d">OCLCO</subfield></datafield><datafield ind1="1" ind2=" " tag="029"><subfield code="a">AU@</subfield><subfield code="b">000013798190</subfield></datafield><datafield ind1=" " ind2=" " tag="042"><subfield code="a">pcc</subfield></datafield><datafield ind1=" " ind2=" " tag="043"><subfield code="a">n-us-ca</subfield></datafield><datafield ind1="0" ind2="0" tag="245"><subfield code="a">Madera daily news.</subfield></datafield><datafield ind1=" " ind2=" " tag="260"><subfield code="a">Madera, Calif. :</subfield><subfield code="b">Dean S. Lesher</subfield></datafield><datafield ind1=" " ind2=" " tag="300"><subfield code="a">v.</subfield></datafield><datafield ind1=" " ind2=" " tag="310"><subfield code="a">Daily (except Sat. and Sun.)</subfield></datafield><datafield ind1="1" ind2=" " tag="362"><subfield code="a">Began in 1946.</subfield></datafield><datafield ind1="0" ind2=" " tag="362"><subfield code="a">-v. 16, no. 146 (Jan. 31, 1949).</subfield></datafield><datafield ind1=" " ind2=" " tag="530"><subfield code="a">Master negatives are available for duplication from:</subfield><subfield code="b">California Newspaper Microfilm Archive;</subfield><subfield code="c">positive copies may be purchased by the reel; for further information consult the CNMA at:</subfield><subfield code="u">http://cbsr.ucr.edu</subfield></datafield><datafield ind1=" " ind2=" " tag="588"><subfield code="a">Description based on: Vol. 19, no. 45 (Dec. 2, 1946).</subfield></datafield><datafield ind1=" " ind2="0" tag="651"><subfield code="a">Madera (Calif.)</subfield><subfield code="v">Newspapers.</subfield></datafield><datafield ind1=" " ind2="7" tag="655"><subfield code="a">Newspapers.</subfield><subfield code="2">fast</subfield><subfield code="0">(OCoLC)fst01423814</subfield></datafield><datafield ind1=" " ind2="7" tag="651"><subfield code="a">California</subfield><subfield code="z">Madera.</subfield><subfield code="2">fast</subfield><subfield code="0">(OCoLC)fst01214288</subfield></datafield><datafield ind1=" " ind2=" " tag="752"><subfield code="a">United States</subfield><subfield code="b">California</subfield><subfield code="c">Madera</subfield><subfield code="d">Madera.</subfield></datafield><datafield ind1="0" ind2="0" tag="780"><subfield code="t">Madera news</subfield><subfield code="w">(DLC)sn 98061795</subfield></datafield><datafield ind1="0" ind2="7" tag="785"><subfield code="t">Madera daily tribune and Madera Mercury</subfield><subfield code="w">(DLC)sn 92069566</subfield></datafield><datafield ind1="0" ind2="7" tag="785"><subfield code="t">Madera daily news-tribune</subfield><subfield code="w">(DLC)sn 92069567</subfield></datafield></record>